@book{Wigd,
  title={Improving the Performance Guarantee for Approximate Graph Coloring},
  author={Wigderson, Avi},
  url={https://compscicenter.ru/media/course\_class\_attachments/Thore\_Husfeldt\_Graph\_colouring\_algorithms.pdf},
  year={1983},
  publisher={J. of the ACM},
}

@misc{github,
    author    = "Dmitry Ulyanin",
    title     = "Implementation and testing of Widgerson's Algorithm",
    url       = "https://github.com/ulyanin/",
}